1774 2528
8 434 18 446 ⁰
8 364 23 431 ...σε

588 133 760 166 TABLE
799 133 863 164 OF
900 131 1201 164 CONTENTS.

246 330 391 370 Pilula
407 329 674 382 Podophylli
691 337 734 369 et
757 330 1032 381 Hyoscyami

689 401 731 434 et
754 395 867 434 Rhei

318 493 325 505 ,
403 460 608 511 Quininae
632 460 860 512 Sulphatis

631 532 672 563 et
696 525 902 575 Digitalis
921 531 963 563 et
987 525 1089 576 Opii

495 621 519 635 ,,
633 596 674 628 et
698 590 819 628 Ferri
857 620 866 628 .
884 620 892 628 .

319 688 324 699 .
405 654 517 694 Rhei
538 661 580 693 et
603 654 883 706 Hydrargyri

319 753 325 765 ,
405 720 643 759 Stramonii
695 750 703 758 .
721 750 730 759 .
858 751 867 759 .
884 750 893 759 .
1022 751 1028 758 .

303 818 324 830 .,
404 785 529 824 Zinci
550 790 591 823 et
614 784 902 824 Belladonnae
923 790 965 824 et
989 785 1261 836 Hyoscyami

303 882 326 895 ‚.
466 882 490 895 ‚,
551 849 702 890 Oxidi.

251 915 396 954 Pulvis
419 915 718 967 Dyspepticus
741 915 1028 967 Compositus

417 981 644 1019 Emeticus
695 1010 730 1020 ..
857 1012 892 1020 ..

413 1045 599 1084 Guaiaci
621 1052 662 1084 et
677 1044 922 1096 ,Sulphuris
1183 1078 1188 1082 .
1209 1077 1215 1082 .

414 1109 691 1161 Hydrargyri
712 1122 813 1149 cum
834 1111 969 1149 Cret&
989 1118 1031 1150 et
1050 1110 1163 1149 Rhei
1186 1142 1193 1148 .
1213 1142 1219 1148 .

715 1174 1000 1214 Subchloridi
1021 1182 1063 1214 et
1087 1175 1199 1214 Rhei

416 1241 529 1279 Rhei
550 1247 592 1279 et
616 1239 737 1279 Sodii
761 1240 1027 1280 Carbonatis
1049 1240 1269 1280 Exsiccati
1350 1272 1357 1278 .
1377 1272 1383 1278 .

304 1336 328 1351 .,
417 1305 531 1345 Salis
551 1305 845 1344 Thermarum
867 1305 935 1343 vel
958 1305 1174 1345 Carlsbad

247 1372 397 1422 Vapor
418 1370 546 1409 Aeidi
568 1370 791 1409 Carbolici
858 1401 866 1408 .

418 1435 634 1474 Benzoini
697 1468 703 1474 .
724 1469 730 1474 .

415 1501 618 1540 Creosoti
697 1532 703 1538 .
723 1532 730 1538 .

416 1565 654 1616 Eucalypti
694 1596 727 1603 ..

415 1629 631 1669 'serebeni
694 1661 700 1667 .
720 1662 727 1668 .

249 1695 412 1733 Vinum
435 1695 557 1733 Ferri

1462 266 1579 293 PAGE

1500 329 1551 367 44

1499 394 1550 432 44

1500 459 1552 498 45

1501 524 1553 562 45

1501 589 1554 628 45

1501 654 1554 693 45

1502 719 1554 758 45

1503 785 1556 823 46

1502 850 1556 889 46

1503 915 1556 954 46

1503 980 1555 1019 47

1503 1045 1555 1084 47

1503 1110 1555 1150 47

1504 1175 1556 1214 47

1504 1240 1558 1278 48

1503 1305 1557 1344 48

1503 1370 1558 1408 48

1505 1435 1558 1474 48

1503 1500 1556 1540 49

1503 1566 1557 1605 49

1502 1630 1555 1669 49

1503 1695 1556 1734 50
