1774 2528
4 1742 8 1775 -Α
4 1614 14 1723 Ὗψ-

4 1781 19 2528 ww*

381 512 670 586 TABLE
745 511 850 587 OF
921 510 1419 589 CONTENTS.

771 725 975 754 *φή

249 926 553 967 Collunarium

247 990 446 1030 Emulsio
468 990 566 1031 Olei
589 991 816 1031 Morrhuae
837 1003 939 1030 cum
963 992 1097 1029 FerrO

246 1056 497 1106 Fumigatio
518 1055 700 1095 Nitrosa
721 1056 983 1107 Composita
1020 1086 1028 1094 .
1046 1086 1054 1094 .

525 1120 712 1160 Potassii
736 1120 922 1159 Nitratis

247 1185 539 1236 Gargarisma
559 1185 686 1224 Aeidi
706 1185 895 1224 Tannici

557 1249 776 1288 Aluminis
856 1280 865 1288 .
882 1279 892 1288 .

558 1314 742 1354 Boracis
1023 1346 1031 1353 .
1049 1346 1057 1353 .

558 1379 745 1418 Potassii
766 1379 990 1419 Chloratis
1020 1411 1027 1417 .
1047 1411 1054 1418 .

648 1475 672 1490 ‚,
1010 1457 1110 1483 cum
1132 1445 1268 1483 Ferrf)
1347 1474 1356 1482 .
1373 1474 1382 1483 .

382 1540 407 1557 „
558 1508 688 1549 Sodae
711 1508 982 1548 Chlorinatae
1020 1540 1055 1548 ..
1210 1539 1219 1548 .

246 1575 446 1613 Haustus
466 1573 593 1613 Acidi
624 1573 1117 1625 Nitro-Hydroehloriei
1183 1604 1192 1613 .
1209 1604 1218 1613 .

467 1638 630 1678 Acidus
653 1651 753 1677 cum
774 1639 901 1677 Nuce
920 1638 1107 1678 Vomica
1183 1669 1191 1678 .
1209 1669 1218 1677 .

464 1703 591 1742 Acidi
614 1703 906 1755 Phosphorici
925 1709 968 1742 et
991 1703 1274 1755 Strychninae
1345 1734 1379 1742 ..

468 1767 667 1807 AEtheris
686 1773 729 1806 et
749 1767 997 1807 Ammoniae
1019 1798 1028 1807 .
1046 1798 1054 1806 .

468 1832 692 1872 Ammonii
711 1832 907 1872 Acetatis
926 1838 968 1871 et
990 1832 1314 1884 Ipeeacuanhae
1344 1865 1350 1871 .
1370 1864 1376 1872 .

713 1896 981 1936 Carbonatis
1001 1903 1043 1936 et
1066 1897 1388 1949 Ipecacuanhae

574 1992 597 2011 ‚,
974 1969 1016 2001 et
1031 1961 1171 2001 Nucis
1187 1962 1387 2002 Vomicae

463 2026 687 2065 Ammonii
709 2026 910 2066 Chloridi
1208 2058 1217 2066 .

463 2091 707 2129 Antimonii
726 2097 768 2130 et
790 2091 1013 2131 Ammonii
1034 2091 1234 2131 Chloridi

467 2155 732 2195 Arsenicalis
753 2168 854 2195 eum
875 2157 911 2195 F
914 2158 1011 2195 err&

465 2219 662 2260 Arsenici
683 2229 726 2260 et
746 2221 871 2259 Ferri

1467 859 1597 899 PAGE'

1507 926 1552 971 11

1506 990 1551 1028 11

1506 1055 1555 1094 12

1508 1120 1556 1158 12

1507 1186 1557 1223 13

1506 1250 1556 1288 13

1506 1315 1556 1353 13

1505 1380 1554 1418 13

1505 1444 1553 1483 14

1505 1509 1553 1548 14

1505 1573 1553 1612 14

1504 1639 1553 1678 15

1504 1704 1553 1742 15

1503 1769 1552 1807 15

1502 1834 1551 1872 15

1502 1899 1552 1937 16

1502 1963 1552 2002 16

1502 2028 1553 2067 16

1502 2093 1552 2131 17

1502 2158 1551 2196 17

1501 2223 1550 2261 17
